<?xml version="1.0" encoding="UTF-8"?><collection xmlns="http://www.loc.gov/MARC21/slim"><record><leader>00371nam--2200121-i-4500</leader><controlfield tag="001">000010205</controlfield><controlfield tag="002">20161230</controlfield><controlfield tag="005">20161230201028</controlfield><controlfield tag="008">060222s1000------------r-----000-0-eng-d</controlfield><datafield ind1=" " ind2=" " tag="100"><subfield code="a">Azumi M., Fujiwaka S. And Mohri A</subfield></datafield><datafield ind1=" " ind2=" " tag="245"><subfield code="a">Construction of l = 2 torsatron without use of toroidal coils (spac-i)</subfield></datafield><datafield ind1=" " ind2=" " tag="260"><subfield code="a">Negoya, Institute Of Plasma Physics, 1971 26 P</subfield></datafield><datafield ind1=" " ind2=" " tag="852"><subfield code="a">36723</subfield></datafield></record></collection>